<?xml version="1.0" encoding="UTF-8"?>
<collection xmlns:xsi="http://www.w3.org/2001/XMLSchema-instance" xsi:schemaLocation="http://www.loc.gov/MARC21/slim http://www.loc.gov/standards/marcxml/schema/MARC21slim.xsd" xmlns="http://www.loc.gov/MARC21/slim">
<record>
  <leader>00626nam a22002171  4500</leader>
  <controlfield tag="001">3076539</controlfield>
  <controlfield tag="003">NNC</controlfield>
  <controlfield tag="005">20030429142358.0</controlfield>
  <controlfield tag="008">010829s1947    ua ac         000 0 ara d</controlfield>
  <datafield tag="035" ind1=" " ind2=" ">
    <subfield code="a">(OCoLC)ocm47860213</subfield>
  </datafield>
  <datafield tag="035" ind1=" " ind2=" ">
    <subfield code="9">ATQ0147CU</subfield>
  </datafield>
  <datafield tag="040" ind1=" " ind2=" ">
    <subfield code="a">ZCU</subfield>
    <subfield code="c">ZCU</subfield>
  </datafield>
  <datafield tag="099" ind1=" " ind2=" ">
    <subfield code="a">893.791</subfield>
    <subfield code="a">H9543</subfield>
  </datafield>
  <datafield tag="100" ind1="1" ind2=" ">
    <subfield code="a">Ḥusayn, ʻAbd Allāh.</subfield>
  </datafield>
  <datafield tag="245" ind1="1" ind2="0">
    <subfield code="a">Fātiḥat al-dirāsāt al-ʻArabīyah wa-al-Islāmīyah.</subfield>
  </datafield>
  <datafield tag="246" ind1="3" ind2="0">
    <subfield code="a">Dirāsāt al-ʻArabīyah wa-al-Islāmīyah</subfield>
  </datafield>
  <datafield tag="260" ind1=" " ind2=" ">
    <subfield code="a">al-Qāhirah,</subfield>
    <subfield code="b">Maṭbaʻat Abī-al-Hawl</subfield>
    <subfield code="c">[1947]</subfield>
  </datafield>
  <datafield tag="300" ind1=" " ind2=" ">
    <subfield code="a">216 p.,</subfield>
    <subfield code="b">illus., ports.</subfield>
  </datafield>
  <datafield tag="650" ind1=" " ind2="0">
    <subfield code="a">Arabs.</subfield>
  </datafield>
  <datafield tag="650" ind1=" " ind2="0">
    <subfield code="a">Islam.</subfield>
  </datafield>
  <datafield tag="955" ind1=" " ind2=" ">
    <subfield code="b">CU07842805</subfield>
    <subfield code="d">off,glx</subfield>
    <subfield code="e">893.791 H9543</subfield>
  </datafield>
</record>
</collection>